2580 4450
546 387 605 474 gg
679 361 830 438 x--ass
869 353 911 422 ‚t
962 323 975 436 ’.

313 546 411 600 strata
437 545 470 598 et
499 525 608 595 sontes
643 527 898 610 adumbrentur,
931 531 967 594 in
993 528 1085 594 tertia
1108 527 1222 604 5555555,

220 671 224 678 ’
263 639 265 646 ’
310 642 414 740 'quam
442 637 607 738 5555555555
626 647 743 728 Cicero
762 646 799 714 in
820 645 1030 738 sequentihus
1050 639 1223 730 (5565-655,

227 805 231 816 ·
285 827 288 834 ,
313 789 353 838 ex
382 743 583 830 differentiis
599 762 769 830 relationis
783 761 906 853 ,aliquo
931 761 1034 832 modo
1053 786 1086 836 sc
1103 759 1223 826 habentis.

313 884 382 965 Lex
408 877 566 948 naturalis
592 903 650 946 sna
677 881 781 971 ipsias
808 878 1023 952 similitudine
1048 878 1179 958 homines
1198 874 1224 940 55

287 1069 291 1076 ,
313 996 476 1066 civitatem
497 978 706 1076 condendam
722 997 825 1076 ducit,
845 1021 943 1088 quam
962 995 1018 1062 ob
1021 992 1225 1076 causamofficia

312 1117 369 1182 hic
394 1116 573 1212 praecipue
603 1114 724 1182 civitati
758 1111 834 1180 sunt
858 1110 1163 1192 accommodanda3
1172 1130 1225 1198 quae

184 1239 186 1246 ’
212 1295 215 1302 ,
312 1232 398 1298 ratio
425 1231 523 1297 etiam
549 1231 586 1297 in
622 1231 805 1298 officiorum
837 1208 1011 1318 generibus
1045 1253 1063 1294 a
1096 1224 1225 1317 Simplicio

144 1405 146 1412 .
239 1359 262 1380 ··
315 1345 384 1428 (ad
403 1347 515 1437 Epist.
535 1370 564 1414 c.
585 1349 638 1434 57
660 1346 703 1414 cl.
723 1346 801 1416 libri
822 1370 889 1416 mci
909 1349 947 1414 P.
969 1347 995 1414 1.
1016 1369 1047 1412 c.
1069 1347 1099 1415 5.
1117 1341 1224 1434 pm)

166 1468 170 1476 ’
300 1461 357 1530 Ι555
388 1482 539 1556 quartam
564 1465 759 1554 categoriam
788 1451 981 1566 constitutis
997 1461 1176 1548 agnoscitur.
1200 1445 1251 1560 555

312 1581 376 1648 hac
395 1583 492 1666 tertia'
510 1587 642 1674 quartae
662 1584 766 1690 partis
786 1583 942 1660 sectione,
963 1580 1091 1650 etiamsi
1109 1567 1188 1646 simul
1201 1507 1251 1636 555

214 1732 230 1750 ··
313 1695 453 1769 tertiam
457 1695 654 1786 categoriam
675 1699 860 1800 respicitur,
879 1698 1072 1789 praevalere
1091 1688 1225 1762 temerii
1250 1667 1251 1738 l

313 1816 411 1886 detur
431 1834 564 1910 quartae
582 1819 678 1896 ratio3
700 1840 782 1908 qnae
802 1817 838 1882 in
858 1815 1015 1890 libertatis
1045 1805 1077 1884 et
1095 1807 1226 1880 necessita·

314 1933 357 1999 tia
377 1923 592 2021 'op'positione
619 1934 775 2002 cernitur.
830 1911 939 2000 Sectio
973 1931 1117 2024 deniqne
1143 1939 1225 2018 quara,

304 2071 414 2149 qnae,
442 2047 503 2114 etsi
531 2073 549 2114 a
578 2051 739 2118 Cicerone
757 2073 821 2141 pro
843 2049 1019 2136 5555155555
1040 2041 1225 2117 consuetudin

316 2167 483 2232 nonsatis
504 2182 652 2238 accurate
673 2168 714 2232 ab
735 2165 947 2258 antecedente
967 2165 1136 2245 distincta,
1157 2176 1226 2227 tanen

313 2300 455 2380 propter
486 2283 535 2350 rei
572 2257 722 2350 indolem
759 2273 994 2370 disjungenda
1009 2280 1134 2370 (368
1117 2274 1250 2370 8-7557

314 2401 448 2468 disserit
467 2397 509 2468 de
530 2400 745 2495 sapientibus
760 2415 793 2466 et
811 2397 949 2481 stultis,
969 2398 1012 2464 de
1044 2388 1226 2465 emolumentis
1249 2423 1250 2480 3

284 2535 286 2546 ·
313 2507 348 2584 ct
366 2515 591 2597 detrimentis,
624 2515 879 2584 de'commodis
906 2512 1183 2590 ctt'incommodin
1204 2501 1226 2566 lt

279 2643 288 2692 '·
313 2634 467 2716 amicitia,
488 2632 530 2700 de
550 2634 724 2700 virtutibus
745 2633 888 2725 deniqne
907 2617 1092 2721 secundnm
1106 2649 1163 2699 tres
1176 2621 1225 2715 phi·

210 2745 214 2767 '
312 2750 485 2842 losophiae
505 2768 615 2844 partes
636 2750 831 2830 constitutis.
874 2751 947 2818 Hoc
972 2729 1225 2818 lodo‘divisionett

174 2915 175 2922 1
212 2929 215 2936 .
313 2869 717 2958 ethicespraetermatter'e
744 2891 814 2935 non
840 2875 994 2959 possum,
1024 2887 1123 2960 quam
1146 2862 1224 2930 senaa

247 3033 252 3047 ·
313 2985 446 3052 exhibet
474 2987 550 3076 (ep.
573 2985 615 3074 94
634 3001 667 3050 et
687 2987 781 3073 95.)‚
803 2986 839 3052 in
860 2983 1082 3070 dogmaticam
1103 2979 1133 3050 el
1149 2993 1227 3071 parte*

273 3145 277 3155 ·
302 3103 479 3184 5555555555-
499 3124 600 3193 quam
619 3099 817 3182 divisionem
838 3125 881 3168 ne
894 3103 976 3192 vqtn's
996 3118 1129 3170 nostrae
1145 3108 1227 3184 repul·

311 3229 392 3286 nara'
418 3226 526 3310 putet,
558 3217 636 3286 hnic
669 3219 914 3286 accommodari
949 3191 1058 3310 posse
1078 3214 1129 3283 vel
1157 3203 1227 3300 ptlfl'

113 3355 115 3362 ’
225 3423 228 3434 .
271 3381 275 3400 ,
312 3335 461 3402 eandem
479 3311 566 3410 asse,
601 3334 791 3404 docendum
818 3352 878 3404 est.
926 3337 965 3402 ln
1000 3329 1175 3420 dogmatica
1197 3337 1227 3384 1⁶⁸

313 3452 436 3520 ethicas
474 3447 611 3532 docent,
653 3453 689 3522 in
727 3453 932 3554 paraenetica
967 3450 1014 3518 ad
1038 3444 1128 3517 hona
1141 3455 1226 3536 perse·

311 3565 445 3659 quenda
471 3584 504 3634 et
529 3566 616 3634 mala
635 3565 790 3678 fugienda
817 3569 1054 3651 adhortantur,
1086 3565 1139 3633 itta
1164 3555 1248 3640 55585

247 3745 250 3754 ,
312 3673 395 3750 duas
423 3701 556 3752 rosnae
587 3686 774 3775 partitionis
808 3701 919 3777 partes
951 3684 1084 3774 priores
1099 3685 1227 3762 compre·

223 3867 225 3878 ,
264 3819 266 3824 ’
313 3798 430 3870 hendit
457 3800 541 3870 de
531 3819 658 3894 impetn
692 3827 750 3872 sen
776 3801 942 3872 voluntate
970 3819 1069 3894 atqua
1096 3795 1139 3865 de
1164 3781 1248 3858 boll
