2640 4444
498 393 539 408 -·
580 363 623 430 93
665 393 707 408 -
845 404 860 420 κ

116 525 256 617 quinam
285 523 472 592 Stoicorum
500 531 726 592 auctoritatem
761 523 944 639 thysippi
969 529 1080 594 minus
1140 529 1146 538 '

114 641 331 733 reliquerint,
359 631 443 708 mihi
466 641 602 734 quidem
623 644 816 733 Antipater,
845 643 1081 726 Archidemus,

38 781 42 790 ·
118 761 207 825 Zeno
230 760 423 842 Tarseusia,
448 757 673 849 Apollodorus
694 773 792 851 atque
812 759 991 852 Dionysius
1012 763 1078 836 Ba-

117 875 269 960 bylonius
291 873 369 946 tales
385 875 416 962 *)
436 898 509 942 esse
528 876 694 946 videntur,
1003 860 1009 872 „

401 1103 484 1266 'J'-
544 1131 647 1242 ,11ss
757 1236 759 1251 1

115 1322 151 1389 ln
167 1343 331 1416 quanam
350 1318 484 1418 logices
501 1335 605 1420 parte
620 1319 850 1424 Chrysippus
866 1320 1077 1400 ‘doctrinam

255 1451 303 1525 de
328 1459 478 1560 summis
503 1455 699 1557 gen’eribus
724 1455 936 1546 tractaverit.

193 1653 272 1718 Si
261 1677 332 1737 yam
357 1621 562 1745 quaerimus,
590 1678 691 1746 quem
724 1645 836 1720 liscum
870 1655 972 1720 Stoici
1000 1654 1077 1721 huic
1160 1691 1163 1697 ·

121 1767 340 1858 disquisitioni
371 1770 630 1876 assignaverint,
666 1789 770 1838 antea
812 1774 919 1863 ipsam
954 1768 1077 1854 logices

111 1887 345 1973 partitionem,
378 1913 462 1980 quae
490 1913 509 1954 a
536 1891 672 1958 nemine
696 1886 850 1958 adhuc
824 1892 902 1956 satis
922 1888 1078 1954 extricata

111 2020 175 2083 est,
214 2005 422 2094 inquiramus
449 2025 591 2102 oportet.
640 1997 733 2073 Inter
760 2007 868 2072 varias
890 1978 1084 2079 Stoicoium,

107 2117 236 2212 logices
256 2120 488 2211 disponendae
501 2125 644 2190 rationes
666 2122 737 2189 sola
751 2099 937 2212 Chrysippi
958 2120 1078 2210 dispo·
1125 2138 1128 2150 '
1174 2200 1179 2208 ι

107 2239 184 2304 sitio
206 2227 245 2304 in
266 2240 432 2326 integrum
447 2241 575 2308 restitui
585 2258 704 2332 potest,
725 2239 767 2306 de
788 2262 868 2330 quo,
887 2260 932 2303 ne
946 2235 1078 2324 longius
1163 2225 1166 2232 ’

104 2333 330 2448 ιριοΡοείιῤ
352 2354 507 2435 seducar,
538 2335 638 2456 quam
665 2354 874 2448 paucissimis
895 2333 1090 2420 absoltam.,

107 2465 322 2563 Chrysippus
342 2473 492 2560 *maxima
523 2495 601 2538 cum
621 2470 799 2538 subtilitate
819 2472 855 2536 in
867 2472 973 2538 rebus
994 2495 1077 2562 par·-
1151 2533 1159 2540 ,.
1213 2469 1222 2526 ἰ

103 2575 231 2654 tiendis
253 2605 286 2654 et
306 2573 503 2656 ordinandis
519 2605 696 2676 occupatus
717 2587 819 2654 trium
838 2585 974 2655 illarum
992 2589 1078 2679 phi-

101 2701 285 2794 losophiae
321 2706 505 2774 sectionum
541 2719 653 2796 partes
693 2727 769 2770 cum
805 2705 972 2790 generales
1006 2722 1079 2784 tum

100 2823 269 2914 speciales
286 2822 347 2906 **'),
375 2839 411 2889 ut
437 2824 483 2889 ita
511 2823 631 2901 dicam,
653 2822 962 2914 constituit‘eas'que
982 2820 1077 2888 aliter
1167 2885 1169 2890 ,
1259 2841 1264 2850 “

99 2941 145 3008 ad
170 2931 374 3006 discentium
395 2932 510 3019 usum,
530 2939 625 3006 aliter
644 2931 687 3005 ad
708 2939 892 3028 systematis
913 2939 1077 3004 rationem
1114 2943 1128 3038 'x

98 3053 371 3136 ordinalit***).
345 3056 500 3145 >Qui
520 3043 699 3145 librorum
709 3055 1029 3172 Chrysippeorum
1018 3078 1076 3118 ιιι

99 3155 222 3238 dicem
260 3173 378 3264 apud
378 3171 577 3260 Diogenem
609 3167 779 3242 Lac'rtium
819 3173 998 3239 exstantem
1036 3193 1076 3234 ex

98 3290 297 3382 Chrysippi
319 3307 426 3356 mente
445 3290 482 3354 in
503 3269 656 3356 ordinem
675 3289 820 3384 redegit,
848 3311 920 3354 eam
946 3251 1080 3380 sechtus

97 3423 175 3470 est
185 3406 321 3506 seriem,
347 3429 455 3500 quam
481 3405 652 3500 discipulis
680 3407 807 3508 primo!
824 3373 1075 3499 philosophiam
1108 3367 1156 3470 i
1212 3435 1215 3444 ·

147 3648 194 3714 .⁴)
211 3647 258 3700 Hi
252 3655 368 3720 s'aepius
380 3651 496 3706 eiusdem
513 3655 655 3704 sententiae
671 3654 748 3705 sitisse
766 3649 896 3742 dicuptur.

149 3734 292 3804 ⁴⁴)Diog.
309 3737 398 3788 Lairt
413 3739 473 3790 VII.
490 3737 533 3790 84.
1186 3797 1188 3805 .

132 3809 350 3887 *”)Plutarch.
367 3823 399 3876 de
416 3824 499 3878 Stoic.
517 3839 626 3891 repugn
644 3822 685 3874 ed.
704 3822 840 3887 Wyttenb.
858 3835 880 3870 c.
899 3835 923 3888 9
998 3817 1002 3823 ’
1131 3871 1135 3881 ,
