2640 4444
588 385 659 452 xtn

126 541 223 600 tiones
266 549 374 596 tantum
410 532 536 610 afferunt,
571 533 624 594 sed
657 515 723 616 ipsa
752 535 834 596 verba
862 539 1026 618 exhibeant,
1055 529 1093 600 ad
1182 531 1187 542 ⁸

124 655 214 715 fidem
252 648 322 712 nihil
353 649 599 746 'desiderandum
619 652 804 734 reliquerunt.
858 654 984 716 Plotini
1024 677 1090 734 vero

125 772 224 832 nescio
255 785 351 860 utrum
379 791 469 850 genus
497 768 639 828 scribendi
668 783 845 844 contortum,
873 773 907 828 ln
935 773 1091 832 incutiant

81 969 87 975 ἡ
125 887 299 970 negligentia
326 887 416 968 magis
444 888 480 946 sit
508 885 708 996 νίιιιριιιηᾶι,
737 905 826 966 quare
856 907 888 946 en
913 861 1091 968 potissimum

125 1027 161 1065 ex
184 1026 221 1064 eo
244 1002 379 1090 allegavi,
409 1023 483 1082 quae
513 974 540 1061 ei
568 1001 664 1083 paullo
686 1001 802 1061 clnriora
824 1016 851 1060 et
871 1001 989 1070 oliorum
1011 1005 1089 1064 testi-

122 1121 231 1182 moniis·
249 1121 360 1182 firmata
376 1132 463 1194 sunt.
492 1115 637 1202 Simplicii
657 1105 818 1194 eruditio,
810 1121 952 1202 ingenium
968 1136 1003 1180 et
1023 1121 1090 1180 ‹lili-
1124 1194 1129 1202 Ι

126 1241 222 1322 gentia
252 1238 363 1298 notiora
388 1250 471 1310 sunt,
504 1253 590 1315 quarn
626 1234 663 1294 tle
691 1235 797 1316 quihus
831 1234 948 1316 verbnm
975 1236 1088 1301 addam.

126 1357 231 1437 Neque
252 1356 403 1434 Diogenes
426 1351 551 1452 denique
568 1373 664 1434 neque
679 1351 824 1412 Stoboens
845 1353 934 1412 ullum
956 1353 1089 1414 diffiden-

129 1473 183 1532 tiae
204 1471 303 1531 locum
323 1469 478 1550 praebent,
495 1469 560 1562 ubi
581 1468 698 1551 quidem
720 1469 822 1550 integri
842 1485 921 1546 sunt,
944 1470 1089 1542 illoenitn

69 1631 71 1642 ,
130 1586 181 1654 etsi
221 1586 369 1648 scribendi
397 1595 502 1669 gen'cre
539 1585 627 1642 utitur
664 1585 755 1642 minus
783 1569 948 1664 prebendo,
979 1580 1088 1669 ubique

98 1773 102 1782 ,
131 1721 219 1764 tamen
244 1689 338 1764 lomes
365 1725 423 1766 non
450 1715 556 1760 tanturn
583 1698 697 1777 laudat,
731 1697 785 1759 sol
820 1721 905 1782 saepe
940 1703 1086 1796 exscribit3

41 1899 47 1904 .
132 1820 175 1880 hic
194 1821 243 1881 etsi
263 1793 371 1895 libros,
393 1818 499 1902 quibus
521 1837 589 1876 usus
611 1832 672 1893 est,
692 1817 780 1876 rarius
803 1817 950 1894 nominat,
965 1840 998 1876 cx
1020 1817 1088 1900 ipsis

128 1953 218 1996 tamen
238 1935 403 1998 auctoribus
423 1935 594 2016 plenumque
613 1935 679 1992 sotis
701 1934 832 2008 coitsnlto
850 1937 987 2016 excerpsit
1001 1951 1088 2018 atque

127 2057 221 2114 omnia
241 2049 479 2134 satis'perspicue
500 2051 625 2134 profem
660 2066 782 2132 uterque
804 2052 870 2110 vero
891 2069 1009 2134 propter
1029 2045 1093 2114 fre·x
1146 2064 1151 2073 “

127 2137 249 2254 queittes
272 2170 386 2246 lacunas
408 2189 514 2252 easque
535 2192 593 2229 non
614 2165 727 2248 ubique
756 2183 865 2249 opertas
897 2189 995 2252 magna
1023 2187 1088 2230 cnm
1105 2241 1118 2252 ,.
1157 2161 1159 2168 ’

126 2265 262 2348 cautione
279 2285 459 2346 adhibendus
481 2301 550 2364 est,
561 2284 687 2364 inprimis
708 2284 873 2370 Diogenes,
896 2285 976 2346 cuiu's
996 2273 1087 2346 textus

125 2406 240 2487 saepius
260 2403 406 2500 lncerntus,
429 2423 514 2482 quam
537 2399 687 2458 incolumis
709 2414 758 2459 est

209 2522 324 2596 Restat,
363 2533 416 2578 ιιι
431 2517 619 2580 recentiorum
647 2519 677 2576 in
697 2487 907 2600 philosophiam
928 2519 1088 2580 Stoicorum
1184 2551 1186 2562 =

80 2669 84 2676 ,
125 2636 329 2711 restituendam
350 2637 452 2696 merita¹
466 2653 636 2718 recenseam.
668 2633 713 2694 Ne
726 2634 926 2716 quisiniretm,
945 2616 1088 2700 recentio-

124 2775 191 2816 rum
210 2752 290 2812 libris
311 2773 356 2812 me
378 2753 467 2812 rarius
488 2773 550 2812 esse
570 2771 673 2827 usum,
701 2739 892 2810 confitendum
914 2765 971 2828 est,
996 2750 1088 2832 pluri-

124 2891 188 2930 mos
210 2891 226 2928 a
247 2852 294 2928 nie
315 2890 378 2928 esse
400 2866 554 2945 consultos,
574 2865 649 2928 libro
670 2890 735 2927 meo
756 2871 813 2949 jam
836 2851 982 2948 confecto,
1003 2887 1106 2954 prae-¹

109 2973 204 3054 ,ιιιέιι
232 2983 421 3052 sib-,omnihus
442 2983 501 3044 fere
530 2985 599 3046 mihi
627 2983 982 3061 dissentiendum'fitisse,
1013 3005 1088 3064 quos
1145 3021 1148 3030 ·
1191 2995 1198 3017 ·

124 3101 268 3180 refutare,
295 3094 389 3184 aeque
410 3087 590 3182 superfluum
607 3123 640 3160 ec
661 3103 778 3182 longum
799 3115 858 3176 est,
886 3102 985 3160 veritas
1014 3100 1089 3182 enim
1182 3119 1185 3128 ’

125 3212 217 3278 semet
253 3219 315 3300 ipsa
343 3216 489 3312 defendit,
534 3217 617 3296 Quid
651 3217 777 3298 denique
812 3221 904 3296 juvat,
940 3238 956 3276 e
992 3203 1088 3290 rivttlis

123 3332 253 3410 haur-ire,
269 3329 305 3420 ¹si
331 3331 422 3402 fontes
450 3331 564 3414 p'ntent'?
608 3333 681 3394 Cum
708 3355 769 3392 rem
788 3348 957 3421 pertractare
978 3321 1089 3416 incipe·
1155 3329 1156 3334 '

124 3471 204 3527 mm,
225 3425 452 3510 Tietleriranuum
473 3463 502 3508 et
521 3449 755 3538 Tennemannurn
782 3464 810 3510 et
841 3450 983 3544 lirugium¹
994 3447 996 3456 ’
1010 3451 1087 3512 solos

124 3566 270 3648 legeram,
282 3564 389 3648 qtribus
408 3566 611 3648 pervolutatis,
628 3589 693 3628 cum
712 3588 758 3628 res
779 3567 951 3672 accuratiore
975 3566 1088 3650 disqui-

124 3680 229 3742 sitione
250 3681 380 3768 indigere
402 3684 561 3760 videretur,
592 3705 665 3746 eam
679 3685 856 3744 instituturus
876 3665 954 3766 ipsos
977 3682 1088 3743 Stoicae
1181 3689 1197 3722 ·“

125 3796 296 3881 sapientiae
303 3814 512 3874 conservatores
533 3799 597 3861 adii.
617 3873 622 3882 x
662 3799 805 3887 Nonnulla
837 3798 957 3882 quidem
978 3820 1085 3872 eorum,

1255 3155 1262 3180 Ι
