2580 4450
390 299 530 332 ..ι

602 396 829 462 -aro—

199 566 202 576 '
240 563 362 637 ,virtute
381 559 433 626 vel
452 559 612 650 sapientia
630 579 762 622 nexum.
804 557 936 638 B'onum
954 570 1003 620 est
1023 551 1148 619 utilitas
1171 554 1213 640 in

123 664 126 672 ’
220 681 364 770 grirtute
381 676 498 768 ¹posita
526 680 646 764 eoque,
684 655 776 763 ipuod
803 672 967 761 particeps
990 687 1038 768 est
1057 663 1220 736 virtutis(

54 773 57 782 V
135 797 139 812 '
242 795 382 875 Bonum,
405 791 496 885 quod
516 793 627 884 ipsunt
647 815 666 854 a
685 785 852 880 voluptate
869 785 1128 854 discernendum
1151 805 1216 864 est,

112 891 115 900 ,
181 925 189 936 “
245 931 329 1004 quae
357 909 394 976 id
421 908 612 1006 comitatur,
640 907 759 998 autin
791 908 901 973 anim'o
922 922 1035 972 nostro
1055 901 1218 1001 positum

244 1045 305 1107 est,
325 1045 370 1098 ut,
381 1028 484 1094 virtus
499 1015 538 1093 ιιι
557 1024 743 1116 perfectum
761 1025 915 1101 officium,
937 1013 991 1089 ant
1011 1023 1048 1088 in
1070 1011 1153 1098 alio,
1177 1038 1218 1087 ιιι

155 1194 156 1200 1
244 1143 403 1230 sapientia
422 1141 563 1208 aliorum
584 1159 616 1208 et
636 1125 794 1217 amicitia,
816 1145 872 1206 'aaut
892 1142 1077 1216 inneutro,
1097 1155 1140 1204 ιιι
1162 1135 1218 1202 se-

89 1315 94 1327 ,
168 1247 189 1294 ἰ
243 1242 360 1325 licitas.
380 1258 572 1324 .Pt·aete1·ea
592 1257 673 1323 boni
694 1257 901 1348 materia'aut
913 1281 977 1348 per
993 1281 1028 1322 se
1047 1271 1097 1320 est
1110 1256 1216 1335 bona,

244 1388 282 1437 ut
301 1373 416 1452 virtus,
438 1391 503 1451 aut,
525 1375 601 1468 quia
621 1367 718 1440 efficit
738 1375 818 1441 honi
835 1372 972 1465 aliquid,
993 1389 1031 1438 nt
1050 1371 1215 1448 amicitia,

212 1473 231 1524 ⁵·
246 1506 300 1556 aut
333 1489 423 1578 quod
458 1507 633 1586 utrumque
666 1489 934 1581 conprehendiu
971 1507 1007 1568 ut
1036 1488 1216 1582 sapientia.

245 1601 319 1674 Ad
328 1606 517 1700 qualitatem
544 1607 633 1673 hona
662 1626 743 1674 sunt
763 1625 818 1674 aut
838 1608 969 1674 habitus
990 1580 1142 1687 tantum,
1182 1622 1221 1670 ιιι

248 1723 355 1790 studia
380 1724 582 1802 litterarum,
613 1723 786 1798 autsimul
807 1725 1058 1822 dispositiones,
1081 1741 1121 1788 ιιι
1146 1723 1219 1788 vir-

78 1841 82 1858 '
154 1875 159 1888 ·
245 1831 341 1920 tutes,
362 1858 505 1908 autnon
525 1843 590 1906 nist
581 1836 856 1933 dispositiones,
878 1859 915 1906 ut
936 1843 1056 1907 sanitas
1080 1841 1220 1916 mentis,

122 1997 128 2010 ·
191 2009 193 2020 ,
246 1970 301 2022 aut
322 1958 466 2048 denique
487 1975 651 2039 neutrum,
673 1959 857 2052 cuiusmodi
882 1977 957 2026 sunt
968 1957 1084 2044 honae
1103 1959 1221 2022 actio·

181 2078 184 2086 '
248 2096 318 2139 nes.
369 2073 443 2142 Si
433 2099 500 2160 Jam
529 2077 634 2141 varias
655 2042 810 2159 utiiitatis
841 2059 1039 2166 exercendae
1066 2074 1220 2141 rationes

251 2206 448 2280 spectamus,
461 2194 585 2259 bonurn
597 2211 628 2258 et
638 2178 827 2259 condecens
845 2210 933 2259 estet
947 2193 1177 2258 necessarium
1190 2209 1224 2257 et

249 2313 479 2399 opportunum
493 2327 527 2375 et
539 2283 776 2376 cotnmodum
765 2328 797 2376 et
808 2309 936 2376 utilitati
949 2283 1048 2374 seivit
1060 2326 1093 2377 et
1102 2307 1222 2398 prod-

189 2486 192 2496 .
247 2441 311 2491 est
319 2443 350 2491 et
367 2428 538 2516 expetitur·
552 2446 583 2495 et
596 2431 718 2515 justum
741 2429 867 2495 officit*
900 2427 1072 2514 Quatenus
1086 2427 1223 2492 bonum

249 2539 291 2606 ad
312 2535 552 2632 perfectionem
566 2546 672 2613 tendit
689 2541 744 2612 'aut
765 2537 887 2632 justum
905 2561 956 2638 est
976 2561 1030 2610 aut
1050 2541 1144 2624 forte
1166 2560 1223 2607 aut

247 2656 437 2732 modestum
465 2680 520 2728 aut
544 2661 709 2753 prudens,
738 2647 822 2754 iprae
858 2680 967 2750 tauron
988 2661 1069 2726 boni
1093 2683 1221 2744 genera

248 2773 391 2864 disjungi
403 2801 471 2846 non
488 2798 639 2872 possunt,
661 2803 767 2871 neque
788 2783 828 2846 ab
850 2778 987 2880 utilitate
1003 2795 1082 2844 sunt
1097 2751 1219 2850 aliena,

248 2893 307 2960 sed
328 2911 360 2960 et
377 2871 465 2961 inter
485 2920 520 2962 se
540 2899 633 2986 paria
654 2914 730 2964 suut
751 2914 782 2962 et
801 2898 838 2962 iu
859 2880 978 2962 virtute
999 2898 1215 2962 conveniunt.

244 3005 245 3010 ¹
288 3023 290 3026 ’
331 3011 406 3076 Hae
430 2996 484 3078 via¹
510 3015 585 3079 satis
613 3016 738 3080 munita
770 3015 948 3104 progressi·
967 3013 1120 3077 ultimam
1154 3007 1217 3076 loci

248 3126 469 3195 antecedentis
499 3125 678 3212 sectionem
706 3155 776 3214 pro·
804 3151 908 3222 ponte
937 3131 1117 3206 habemus,
1157 3151 1215 3219 quo

249 3241 292 3314 ad
305 3241 464 3314 virtutem
480 3250 660 3322 accuratius
677 3245 951 3314 considerandam
969 3247 1218 3336 perveniamus.

159 3421 161 3426 ,
250 3362 351 3444 Cuius
378 3365 574 3455 priusquam
604 3364 826 3460 diversitatem
842 3365 1082 3454 inspiciamus,
1111 3364 1218 3452 ipsius

248 3476 409 3566 perfectio
430 3505 558 3568 summa
580 3499 612 3572 ei
633 3485 728 3547 unica
749 3507 788 3548 ex
810 3467 1012 3571 appetitione
1043 3455 1169 3546 rnoraii
1185 3483 1218 3562 *)

251 3611 300 3661 est
326 3598 533 3688 repetenda,'
557 3579 657 3690 quam
683 3601 772 3666 Deus
800 3598 992 3664 hominibus
1019 3598 1218 3688 impertivit,

315 3836 337 3904 “)
355 3809 400 3890 (if,v
413 3839 567 3893 Schleierru.
584 3823 652 3894 Krii.
672 3841 718 3894 der
735 3843 840 3898 Sittenl.
858 3861 884 3910 p.
894 3839 937 3892 68
