2568 4454
429 331 470 420 ’-
512 333 583 446 ιιι
614 355 655 426 -’-

69 535 157 618 dico,
177 558 276 628 quam
295 535 337 635 iis
357 535 585 613 tribuimus,'
580 557 663 625 quae
690 527 879 625 comparata
898 552 974 608 sunt
993 553 1025 604 et

7 655 12 662 “
64 649 206 749 quando
223 665 410 744 comparata
431 671 524 726 sunt,
553 664 653 742 'quam
679 652 888 743 Chrysippus
909 676 1023 722 mora-

38 763 152 833 'leuis
161 786 275 858 vocat,·
303 770 412 836 tunica
438 765 528 836 enim
558 769 710 858 privatus
738 771 770 836 et
799 747 1026 858 calceamentis
1081 809 1083 814 ·

65 899 97 949 et
126 885 316 976 impransus
344 903 475 953 tenuem
506 880 690 981 significant
710 883 944 969 desectum,
917 889 1023 979 argoi-
1104 967 1109 988 ¹
1198 953 1205 969 ,

63 998 164 1070 fleant
182 1023 263 1070 vero
283 1001 382 1072 simul
403 1002 658 1094 descriptionem
679 999 862 1094 pandam,
892 1001 1024 1094 quande

63 1117 246 1184 secundum
278 1121 503 1228 privationem
534 1119 756 1212 accipiuntur3
794 1143 901 1211 neque
935 1120 1024 1220 enim

56 1235 175 1300 tunica
205 1236 371 1334 privatum
403 1236 543 1303 dicimus
575 1223 739 1318 bovem,
752 1232 860 1328 neque
894 1207 1025 1304 nosmet
1055 1317 1060 1328 .
1158 1288 1161 1297 ι

60 1350 166 1440 ipsos,
182 1375 216 1418 st
207 1351 406 1433 lavamur,·
418 1351 642 1421 calceamentis
662 1355 821 1443 pruvatos,
842 1369 942 1446 atque
954 1356 1023 1422 im

59 1487 205 1556 pransos
226 1493 333 1560 neque
354 1492 428 1538 aves
448 1495 556 1559 neque
572 1484 707 1574 nosmet
726 1471 848 1582 ipsos,
866 1471 927 1540 uhi
954 1469 1024 1537 dies

59 1580 182 1663 elucet,
204 1584 263 1654 sed
283 1586 382 1653 simul
402 1587 565 1652 iudicari
573 1603 704 1677 oportet
722 1587 946 1676 privationem
965 1588 1025 1660 rei,

59 1699 117 1764 cui
139 1692 312 1768 assuefacti
321 1700 568 1794 etquando''e1
589 1701 758 1770 assuefacti
772 1719 897 1772 sumus.
940 1703 1045 1798 Cum,
1075 1769 1077 1776 ,
1099 1691 1104 1699 ’

17 1891 23 1902 Χ
58 1817 153 1904 enim
175 1841 271 1906 more
290 1805 349 1886 seu
369 1819 605 1888 consuetudine
625 1819 802 1888 invaluerit
827 1836 916 1905 certa
934 1804 1047 1910 Jqua-'

58 1930 139 2000 dam
161 1935 246 2010 hora
260 1933 437 2030 prandete,
458 1937 516 2028 qui
536 1938 623 2003 mori
639 1961 673 2004 se
692 1931 796 2019 dedit,
817 1938 845 2005 si
868 1937 1024 2004 consueto
1081 1921 1083 1926 ⁵
1115 1967 1148 2010 ·,
1188 1907 1196 1922 '

57 2067 215 2142 tempore
235 2074 305 2119 non
324 2053 470 2143 prendit,
492 2076 561 2120 ιιοιι
580 2073 724 2136 naturas,
753 2055 812 2122 sed
832 2055 936 2121 moris
957 2053 1026 2120 vim
1089 2131 1091 2138 ¹

41 2168 249 2286 privatione
280 2160 445 2234 sustulit.
476 2165 599 2234 Sunt
571 2170 688 2254 igitur
715 2170 917 2259 privationes
946 2169 1027 2278 aliae
1100 2241 1103 2260 ι

57 2303 191 2360 corum,
206 2278 291 2374 quae
305 2283 487 2350 secundum
501 2295 652 2353 naturam
666 2283 786 2364 valent,
801 2285 883 2352 aliae
900 2271 1027 2365 eorum,

57 2423 143 2490 quae
165 2398 352 2492 secundum
371 2421 520 2506 morem,
530 2417 638 2490 atque
660 2397 804 2467 defectus
833 2424 963 2480 eorum,
992 2402 1028 2510 iu
1114 2479 1117 2484 ¹
1198 2407 1203 2424 ¹

55 2517 182 2615 quibus
206 2516 318 2585 omnia
340 2533 372 2583 et
391 2507 505 2582 natura
532 2533 571 2581 et
591 2487 828 2603 consuetudine
846 2535 1029 2591 natarunt.
1084 2513 1086 2522 ’

30 2633 168 2724 ¹Saepe
190 2654 362 2715 veronen
382 2633 503 2712 moris,
537 2631 597 2698 sed
624 2633 721 2698 officii
750 2631 915 2700 defectum
934 2634 1029 2699 indi·-
1017 2615 1038 2628 s
1112 2642 1119 2655 ‘

57 2746 290 2840 casprivatio,
312 2744 342 2819 e'.
363 2775 393 2836 g.
415 2750 442 2814 si
464 2749 537 2840 quis
560 2771 630 2814 ιιοιι
650 2749 804 2816 invitatus
826 2766 951 2832 coenat,
970 2749 1028 2815 ubi
1082 2741 1088 2752 ’
1137 2803 1141 2811 .
1170 2821 1173 2830 ,

55 2866 270 2943 indicamus,
292 2889 368 2932 eum
391 2866 498 2932 officio
519 2884 587 2930 non
603 2863 824 2947 satisfecisse,
844 2891 932 2950 ιιοιι,
954 2891 1030 2934 eum
1089 2859 1093 2866 ’

48 2969 181 3050 ¹(eontra
205 3004 334 3049 morem
365 2999 398 3048 et
419 2979 693 3062 consuetudinem
713 2985 928 3072 peccavisse
955 2983 1060 3051 Alia·
1096 3001 1103 3046 ε

54 3118 235 3220 praeterea
256 3115 305 3165 est
323 3099 484 3189 privatio,
509 3100 574 3165 uhi
585 3097 705 3165 iisdem
725 3100 894 3202 vocabulis
915 3100 1030 3168 diver
1040 3135 1044 3143 ·

56 3241 113 3282 sae
137 3239 195 3298 res
216 3213 457 3302 significantur3
487 3211 608 3282 eteirim
636 3239 731 3296 eum,
757 3219 814 3283 ubi
844 3239 945 3303 genus
966 3213 1030 3280 ali-

21 3331 28 3344 “
56 3333 174 3428 quod
187 3348 294 3437 totum
320 3333 366 3398 it'a
392 3357 411 3397 a
439 3347 555 3398 natura
581 3348 808 3422 comparatum
830 3349 888 3414 est,
908 3349 945 3398 ut
966 3329 1030 3398 ali-
1035 3361 1037 3366 ·

25 3439 167 3540 -qu'id
170 3471 240 3515 ιιοιι
260 3437 397 3529 habeat,
433 3445 470 3511 id
495 3424 661 3535 piivatum
691 3449 762 3512 ess'e
789 3447 930 3513 dicimus
958 3445 1028 3526 illo,
1081 3518 1087 3531 ί
1113 3446 1119 3452 ’

56 3565 158 3658 quod
195 3552 378 3634 secundum
416 3579 568 3644 naturam
602 3586 693 3640 suam
725 3588 795 3682 pon
824 3541 940 3645 hebet,
967 3587 1031 3654 qua
1076 3595 1102 3612 -=
1145 3585 1147 3591 ⁴
1231 3623 1234 3632 ,

8 3719 24 3728 ·=
55 3679 197 3751 ratione
217 3677 349 3769 plantae
369 3703 466 3745 sensu
487 3677 636 3770 privatae
656 3704 729 3746 esse
725 3667 924 3762 dicuntur,
953 3681 1029 3771 quia
1083 3738 1090 3762 ,

56 3821 78 3862 a
101 3811 226 3862 natura
245 3797 292 3862 ita
311 3807 517 3886 comparatae
538 3811 624 3872 sunt,
644 3814 680 3861 ut
700 3821 769 3866 non
791 3794 932 3874 habeant
952 3803 1030 3864 s'en
1110 3819 1113 3828 ’
1150 3785 1151 3792 ¹

652 3914 728 3979 15*
