2580 4450
401 437 477 452 1-
515 405 579 472 315
620 425 664 496 -χ
704 406 747 475 3:

79 553 253 648 maloruni,
273 567 416 632 veritatis
438 581 470 632 et
487 564 610 632 erroris
631 566 913 654 causas‘aperiens
933 580 1029 654 atque
1110 613 1117 621 -
1162 559 1166 571 '

80 707 171 752 suam
191 682 334 774 denique
353 683 532 774 sapientiae
552 680 788 772 perfectionem
816 675 851 747 in
881 680 1028 772 quactin'-

81 825 143 893 qae
158 801 241 871 vitae
257 799 445 868 conditione
466 799 605 866 eandem
625 797 826 882 describens.
1102 785 1104 792 ’

146 1278 258 1347 ‚Nune
278 1276 412 1342 demum
431 1274 557 1366 liquere
577 1261 730 1355 arbitror,
751 1295 850 1364 quem
873 1265 1033 1354 multide
1136 1285 1139 1302 ¹

81 1393 189 1460 Stoica
220 1387 395 1483 disciplina
432 1387 692 1482 praedicarunt,
721 1413 819 1454 nemo
852 1391 1035 1456 recentiore

83 1507 216 1599 quidem
236 1526 386 1599 tempore
405 1509 529 1588 docuit,
550 1503 783 1573 admirandum
803 1523 916 1570 terum
937 1503 1034 1570 ordi-

81 1647 157 1690 nem
183 1642 214 1690 et
240 1648 383 1707 inertum,
415 1613 452 1691 nt
481 1647 555 1690 cum
585 1626 708 1704 Catone
738 1623 803 1705 (de
828 1607 1035 1688 fin.111.22.

82 1725 154 1826 74.)
174 1741 495 1831 perorarepos'sim:
521 1739 635 1808 '“sed
655 1733 864 1826 jam'sentio,
891 1761 945 1804 me
965 1730 1036 1803 esse
1058 1715 1060 1728 Ι

80 1853 209 1940 longius
239 1876 451 1948 proveetum,
472 1883 571 1949 qnam
591 1833 872 1950 propositaratid,
886 1853 1036 1945 postula-

82 1989 148 2056 tct3
169 1958 298 2039 ‘verum
317 1955 738 2064 admirabiliseompositio
759 1952 954 2066 disciplinae
980 1973 1036 2037 in·
1125 1957 1128 1964 .

82 2088 315 2180 credibilisque
336 2083 448 2156 rerunt
469 2091 566 2155 traxit
586 2090 694 2158 ordo·
724 2085 836 2180 Qnae,
866 2113 928 2182 per
947 2091 1038 2154 Deos

81 2204 301 2273 immortales!
330 2205 443 2272 nonne
463 2207 619 2273 miraris?
640 2204 722 2300 quid
743 2207 833 2272 enim
853 2205 889 2272 in
909 2203 1051 2286 natura,¹

81 2347 150 2414 qua
165 2322 252 2388 nihil
273 2339 321 2388 est
334 2323 458 2415 aptius,
478 2322 563 2390 nihil
585 2300 800 2414 descriptitts,
822 2301 933 2386 autin
954 2343 1038 2410 ope-
1128 2329 1134 2354 ¹

56 2430 173 2506 ¹ribus
193 2463 294 2506 manu
314 2430 407 2506 lactis
434 2437 501 2506 ta'm
528 2439 769 2528 compositum,
789 2453 922 2528 tamque
936 2445 1038 2502 'com-

69 2573 215 2648 pactum
236 2573 268 2622 et
287 2555 548 2644 coagmentatnm
562 2557 705 2624 inveniri
721 2558 853 2647 potest?
874 2533 955 2646 quid
971 2577 1039 2644 po-

81 2674 199 2741 sterius
220 2675 328 2762 priori
349 2647 418 2740 iton
439 2657 618 2760 convenit‘?
651 2673 744 2770 quid¹
759 2673 921 2762 sequitur,
950 2671 1061 2762 quod*
1090 2671 1092 2678 ’

82 2813 153 2856 non
173 2787 373 2880 respondeat
391 2785 578 2881 superiori?
611 2783 694 2880 quid
719 2813 790 2856 non
817 2791 865 2855 sie
890 2786 980 2853 aliud
1001 2811 1041 2853 ex
1146 2822 1148 2828 ·

82 2903 150 2970 alio
171 2901 343 2982 nectitnr,
362 2923 399 2970 ut
419 2927 505 2984 non,
540 2907 567 2972 si
595 2929 696 2973 unam
724 2905 867 2974 litteram
887 2905 1043 2983 moveris,

83 3017 198 3088 labent
230 3021 370 3102 omniass
404 3044 466 3086 nee
497 3005 606 3088 tamen
634 3022 816 3115 quidquam
853 3042 922 3105 est,
950 3021 1043 3112 quod

82 3138 214 3203 moveri
240 3116 382 3229 possitir
436 3137 538 3227 Quod
572 3141 707 3230 quidem
734 3143 794 3206 etsi
817 3165 899 3207 *non
928 3137 1069 3204 eadem¹

80 3251 253 3337 elegantia,
273 3233 383 3320 tamen
402 3248 610 3333 luculentius,
630 3259 730 3346 qitant
743 3259 871 3336 Cicero,
892 3257 1045 3322 docuisse
1063 3285 1065 3294 a

83 3367 171 3432 mihi
187 3367 322 3469 quidem
337 3349 462 3435 videor.
505 3370 604 3438 Nulla
621 3372 902 3464 philosophorum
912 3369 1046 3449 schola,

82 3479 245 3575 quantum
272 3485 427 3588 equidem
454 3487 545 3566 scio,
584 3487 721 3578 protulit
746 3491 890 3579 systema
915 3489 1084 3554 sibimet
1166 3521 1169 3528 ·

2 3694 6 3705 1
81 3599 152 3688 ipsi
174 3615 241 3664 tam
262 3621 455 3686 congraum,
475 3619 542 3674 tam
563 3619 726 3702 constans,
747 3606 811 3672 nisi
832 3607 1048 3672 novissimam

82 3713 214 3800 Hegelii
235 3713 446 3807 disciplinam
467 3718 629 3808 excipias,
650 3711 750 3810 quam
771 3719 847 3788 licet
865 3747 936 3818 non
950 3719 1047 3816 'pro-
1079 3769 1080 3774 κ

83 3830 161 3912 bes,
176 3830 309 3900 'etiamsi
329 3834 436 3902 obiter
454 3843 580 3904 tantum
592 3836 802 3925 inspexeris,
830 3863 949 3927 magno
972 3863 1049 3906 cum

570 3945 586 3982 χ
842 3959 843 3962 ,
